# ATRICLES
@article{maze-generation,
  author  = {Inoue, Kohei and Urahama, Kiichi},
  year    = {2008},
  month   = {09},
  pages   = {1435-1438},
  title   = {Halftone Representation with Random Maze Pattern Based on Centroidal Voronoi Tessellations and Minimum Spanning Trees},
  volume  = {62},
  journal = {The Journal of The Institute of Image Information and Television Engineers},
  doi     = {10.3169/itej.62.1435}
}

@article{tsp-christofides,
  author  = {Christofides, Nicos},
  title   = {Worst-Case Analysis of a New Heuristic for the Travelling Salesman Problem},
  journal = {Operations Research Forum},
  year    = {2022},
  month   = {Mar},
  day     = {03},
  volume  = {3},
  number  = {1},
  pages   = {20},
  issn    = {2662-2556},
  doi     = {10.1007/s43069-021-00101-z},
  url     = {https://doi.org/10.1007/s43069-021-00101-z}
}

@inproceedings{mst-segmentation-heuristic,
  author    = {Wassenberg, Jan
               and Middelmann, Wolfgang
               and Sanders, Peter},
  editor    = {Jiang, Xiaoyi
               and Petkov, Nicolai},
  title     = {An Efficient Parallel Algorithm for Graph-Based Image Segmentation},
  booktitle = {Computer Analysis of Images and Patterns},
  year      = {2009},
  publisher = {Springer Berlin Heidelberg},
  address   = {Berlin, Heidelberg},
  pages     = {1003--1010},
  isbn      = {978-3-642-03767-2}
}

@article{prim-algorithm,
  author   = {Prim, R. C.},
  journal  = {The Bell System Technical Journal},
  title    = {Shortest connection networks and some generalizations},
  year     = {1957},
  volume   = {36},
  number   = {6},
  pages    = {1389-1401},
  keywords = {},
  doi      = {10.1002/j.1538-7305.1957.tb01515.x}
}

@article{kruskal-algorithm,
  issn      = {00029939, 10886826},
  url       = {http://www.jstor.org/stable/2033241},
  author    = {Joseph B. Kruskal},
  journal   = {Proceedings of the American Mathematical Society},
  number    = {1},
  pages     = {48--50},
  publisher = {American Mathematical Society},
  title     = {On the Shortest Spanning Subtree of a Graph and the Traveling Salesman Problem},
  urldate   = {2024-10-04},
  volume    = {7},
  year      = {1956}
}



# WEB RESOURCES
@misc{mst-applications,
  title = {Applications of minimum spanning trees},
  url   = {https://personal.utdallas.edu/~besp/teaching/mst-applications.pdf}
}